@book{ilmoniemi2019brain,
  title={Brain signals: physics and mathematics of MEG and EEG},
  author={Ilmoniemi, Risto J and Sarvas, Jukka},
  year={2019},
  publisher={Mit Press}
}

@article{naess2021biophysically,
  title={Biophysically detailed forward modeling of the neural origin of EEG and MEG signals},
  author={N{\ae}ss, Solveig and Halnes, Geir and Hagen, Espen and Hagler Jr, Donald J and Dale, Anders M and Einevoll, Gaute T and Ness, Torbj{\o}rn V},
  journal={NeuroImage},
  volume={225},
  pages={117467},
  year={2021},
  publisher={Elsevier}
}


@book{nunez2006electric,
  title={Electric fields of the brain: the neurophysics of EEG},
  author={Nunez, Paul L and Srinivasan, Ramesh},
  year={2006},
  publisher={Oxford University Press, USA}
}

@misc{wiki:multipoles,
  author = {{Estimation lemma}},
  title = "Estimation lemma --- {W}ikipedia{,} The Free Encyclopedia",
  year = "2023",
  url = "https://en.wikipedia.org/wiki/Multipole_expansion",
  note = "[Online; accessed 22-May-2023]"
}

@misc{jackson1999classical,
  title={Classical electrodynamics},
  author={Jackson, John David},
  year={1999},
  publisher={American Association of Physics Teachers}
}

@book{sterratt2011principles,
  title={Principles of computational modelling in neuroscience},
  author={Sterratt, David and Graham, Bruce and Gillies, Andrew and Willshaw, David},
  year={2011},
  publisher={Cambridge University Press}
}


@article{huang2016new,
  title={The New York Headâ€”A precise standardized volume conductor model for EEG source localization and tES targeting},
  author={Huang, Yu and Parra, Lucas C and Haufe, Stefan},
  journal={NeuroImage},
  volume={140},
  pages={150--162},
  year={2016},
  publisher={Elsevier}
}

@article{mehta2019high,
  title={A high-bias, low-variance introduction to machine learning for physicists},
  author={Mehta, Pankaj and Bukov, Marin and Wang, Ching-Hao and Day, Alexandre GR and Richardson, Clint and Fisher, Charles K and Schwab, David J},
  journal={Physics reports},
  volume={810},
  pages={1--124},
  year={2019},
  publisher={Elsevier}
}

@article{Hjorth-Jensen2022,
  author = {Hjorth-Jensen, Morten},
  title = {Neural Networks},
  journal = {Department of Physics, University of Oslo, Norway},
  year = {2022},
  month = {October 8},
  note = {[1] Department of Physics, University of Oslo, Norway\\
          [2] Department of Physics and Astronomy and Facility for Rare Ion Beams, Michigan State University, USA}
}

@misc{wiki-gradient-descent,
  author = "{Wikipedia contributors}",
  title = "Gradient descent --- {W}ikipedia{,} The Free Encyclopedia",
  year = "2023",
  howpublished = {\url{https://en.wikipedia.org/wiki/Gradient_descent}},
  note = "[Online; accessed 31-May-2023]"
}

@book{bishop2006pattern,
  title={Pattern recognition and machine learning},
  author={Bishop, Christopher M and Nasrabadi, Nasser M},
  volume={4},
  number={4},
  year={2006},
  publisher={Springer}
}

@misc{analyticsvidhya_activationfunctions,
  author = "Varun Bhatia",
  title = "Activation Functions: How Should the Neurons Trigger?",
  howpublished = "Medium",
  year = "2020",
  note = "[Online]. Available: \url{https://medium.com/analytics-vidhya/activation-functions-how-should-the-neurons-trigger-1349a383ffeb}"
}
