@book{sterratt2011principles,
  title={Principles of computational modelling in neuroscience},
  author={Sterratt, David and Graham, Bruce and Gillies, Andrew and Willshaw, David},
  year={2011},
  publisher={Cambridge University Press}
}

@book{gerstner2014neuronal,
  title={Neuronal dynamics: From single neurons to networks and models of cognition},
  author={Gerstner, Wulfram and Kistler, Werner M and Naud, Richard and Paninski, Liam},
  year={2014},
  publisher={Cambridge University Press}
}

@article{bromfield2006introduction,
  title={An introduction to epilepsy [Internet]},
  author={Bromfield, Edward B and Cavazos, Jos{\'e} E and Sirven, Joseph I},
  year={2006},
  publisher={American Epilepsy Society}
}

@online{wiki:electroencephalography,
    title = {Electroencephalography},
    author = {{Wikipedia contributors}},
    year = {2023},
    url = {https://en.wikipedia.org/wiki/Electroencephalography},
    note = {Accessed on 29 July 2023},
}

@book{brainmodel2022,
  author    = {Michele Giugliano and Mario Negrello and Daniele Linaro},
  title     = {Computational Modelling of the Brain: Modelling Approaches to Cells, Circuits, and Networks},
  year      = {2022},
  publisher = {Springer},
}

@book{ilmoniemi2019brain,
  title={Brain signals: physics and mathematics of MEG and EEG},
  author={Ilmoniemi, Risto J and Sarvas, Jukka},
  year={2019},
  publisher={Mit Press}
}

@article{naess2021biophysically,
  title={Biophysically detailed forward modeling of the neural origin of EEG and MEG signals},
  author={N{\ae}ss, Solveig and Halnes, Geir and Hagen, Espen and Hagler Jr, Donald J and Dale, Anders M and Einevoll, Gaute T and Ness, Torbj{\o}rn V},
  journal={NeuroImage},
  volume={225},
  pages={117467},
  year={2021},
  publisher={Elsevier}
}

@book{nunez2006electric,
  title={Electric fields of the brain: the neurophysics of EEG},
  author={Nunez, Paul L and Srinivasan, Ramesh},
  year={2006},
  publisher={Oxford University Press, USA}
}

@article{sharma2017activation,
  title={Activation functions in neural networks},
  author={Sharma, Sagar and Sharma, Simone and Athaiya, Anidhya},
  journal={Towards Data Sci},
  volume={6},
  number={12},
  pages={310--316},
  year={2017}
}

@online{deeplearningai-initialization,
  author = "deeplearning.ai",
  title = "Initialization",
  year = "Year of publication (if available)",
  url = "https://www.deeplearning.ai/ai-notes/initialization/index.html",
  urldate = {2023-09-02},
}


@online{builtin-ml-loss-functions,
    title = {The 7 Most Common Machine Learning Loss Functions},
    author = {Sparch Gupta},
    url = {https://builtin.com/machine-learning/common-loss-functions},
    urldate = {2023-08-16}
}

@book{barnett1994outliers,
  title={Outliers in statistical data},
  author={Barnett, Vic and Lewis, Toby and others},
  volume={3},
  number={1},
  year={1994},
  publisher={Wiley New York}
}

@article{zhang2015outlier,
  title={Outlier-robust extreme learning machine for regression problems},
  author={Zhang, Kai and Luo, Minxia},
  journal={Neurocomputing},
  volume={151},
  pages={1519--1527},
  year={2015},
  publisher={Elsevier}
}


@article{hecker2021convdip,
  title={ConvDip: A convolutional neural network for better EEG Source Imaging},
  author={Hecker, Lukas and Rupprecht, Rebekka and Tebartz Van Elst, Ludger and Kornmeier, J{\"u}rgen},
  journal={Frontiers in Neuroscience},
  volume={15},
  pages={569918},
  year={2021},
  publisher={Frontiers Media SA}
}

@misc{wiki:multipoles,
  author = {{Estimation lemma}},
  title = "Estimation lemma --- {W}ikipedia{,} The Free Encyclopedia",
  year = "2023",
  url = "https://en.wikipedia.org/wiki/Multipole_expansion",
  note = "[Online; accessed 22-May-2023]"
}

@misc{jackson1999classical,
  title={Classical electrodynamics},
  author={Jackson, John David},
  year={1999},
  publisher={American Association of Physics Teachers}
}

@online{numpy-docs,
  title = {Numpy Corrcoef},
  author = {{NumPy Developers}},
  organization = {NumPy},
  year = {2023},
  url = {https://numpy.org/doc/stable/reference/generated/numpy.corrcoef.html},
  urldate = {2023-09-12}
}


@article{huang2016new,
  title={The New York Head—A precise standardized volume conductor model for EEG source localization and tES targeting},
  author={Huang, Yu and Parra, Lucas C and Haufe, Stefan},
  journal={NeuroImage},
  volume={140},
  pages={150--162},
  year={2016},
  publisher={Elsevier}
}


@article{mehta2019high,
  title={A high-bias, low-variance introduction to machine learning for physicists},
  author={Mehta, Pankaj and Bukov, Marin and Wang, Ching-Hao and Day, Alexandre GR and Richardson, Clint and Fisher, Charles K and Schwab, David J},
  journal={Physics reports},
  volume={810},
  pages={1--124},
  year={2019},
  publisher={Elsevier}
}

@article{akalin2013effects,
  title={Effects of forward model errors on EEG source localization},
  author={Akalin Acar, Zeynep and Makeig, Scott},
  journal={Brain topography},
  volume={26},
  pages={378--396},
  year={2013},
  publisher={Springer}
}

@article{biasiucci2019electroencephalography,
  title={Electroencephalography},
  author={Biasiucci, Andrea and Franceschiello, Benedetta and Murray, Micah M},
  journal={Current Biology},
  volume={29},
  number={3},
  pages={R80--R85},
  year={2019},
  publisher={Elsevier}
}

@article{Hjorth-Jensen2022,
  author = {Hjorth-Jensen, Morten},
  title = {Neural Networks},
  journal = {Department of Physics, University of Oslo, Norway},
  year = {2022},
  month = {October 8},
  note = {[1] Department of Physics, University of Oslo, Norway\\
          [2] Department of Physics and Astronomy and Facility for Rare Ion Beams, Michigan State University, USA}
}

@online{kleppe-lecture,
  author = {Andreas Kleppe},
  title = {Lecture 3: Convolutional neural networks},
  organization = {IN5400 / IN9400 – Machine Learning for Image Analysis},
  year = {2022},
  month = {February},
  day = {1},
}

@article{gupta2017regularization,
  title={Regularization in Machine Learning},
  author={Gupta, Prashant},
  journal={Towards Data Science},
  year={2017},
  month={November},
  url={https://towardsdatascience.com/regularization-in-machine-learning-76441ddcf99a}
}

@online{pytorch_learning_rate_schedule,
  author = {Adrian Tam},
  title = {Using Learning Rate Schedule in PyTorch Training},
  year = {2023},
  url = {https://machinelearningmastery.com/using-learning-rate-schedule-in-pytorch-training/},
  note = {Last Updated on April 8, 2023},
}

@misc{wiki-gradient-descent,
  author = "{Wikipedia contributors}",
  title = "Gradient descent --- {W}ikipedia{,} The Free Encyclopedia",
  year = "2023",
  howpublished = {\url{https://en.wikipedia.org/wiki/Gradient_descent}},
  note = "[Online; accessed 31-May-2023]"
}

@book{bishop2006pattern,
  title={Pattern recognition and machine learning},
  author={Bishop, Christopher M and Nasrabadi, Nasser M},
  volume={4},
  number={4},
  year={2006},
  publisher={Springer}
}

@misc{analyticsvidhya_activationfunctions,
  author = "Varun Bhatia",
  title = "Activation Functions: How Should the Neurons Trigger?",
  howpublished = "Medium",
  year = "2020",
  note = "[Online]. Available: \url{https://medium.com/analytics-vidhya/activation-functions-how-should-the-neurons-trigger-1349a383ffeb}"
}


@article{choose_activation_function,
    author       = {Pramoditha, Rukshan},
    title        = {How to Choose the Right Activation Function for Neural Networks},
    year         = {2022},
    month        = {January},
    url          = {https://towardsdatascience.com/how-to-choose-the-right-activation-function-for-neural-networks-3941ff0e6f9c},
    urldate      = {2023-06-10}
}

@article{nwankpa2018activation,
  title={Activation functions: Comparison of trends in practice and research for deep learning},
  author={Nwankpa, Chigozie and Ijomah, Winifred and Gachagan, Anthony and Marshall, Stephen},
  journal={arXiv preprint arXiv:1811.03378},
  year={2018}
}

@online{wandb_activation_functions,
  author = {Shweta Saxena},
  title = {Activation Functions Compared With Experiments},
  year = {2022},
  url = {https://wandb.ai/shweta/Activation%20Functions/reports/Activation-Functions-Compared-With-Experiments--VmlldzoxMDQwOTQ},
  urldate = {2023-06-10}
}


@article{sazgar2019eeg,
  title={EEG artifacts},
  author={Sazgar, Mona and Young, Michael G and Sazgar, Mona and Young, Michael G},
  journal={Absolute Epilepsy and EEG Rotation Review: Essentials for Trainees},
  pages={149--162},
  year={2019},
  publisher={Springer}
}

@online{bitbrain,
  author       = "Bitbrain",
  title        = "EEG Artifacts",
  howpublished = "\url{https://www.bitbrain.com/blog/eeg-artifacts}",
  year         = "2020",
  note         = "Bitbrain Blog",
}

@online{wiki-snr,
  author       = "Wikipedia",
  title        = "Signal-to-noise ratio",
  howpublished = "\url{https://en.wikipedia.org/wiki/Signal-to-noise_ratio}",
  year         = "2023",
  note         = "Wikipedia: The Free Encyclopedia",
}

@article{LFPy,
  author    = {Espen Hagen and Solveig Næss and Torbjørn V. Ness and Gaute T. Einevoll},
  title     = {Multimodal Modeling of Neural Network Activity: Computing LFP, ECoG, EEG, and MEG Signals With LFPy 2.0},
  journal   = {Frontiers in Neuroinformatics},
  volume    = {12},
  year      = {2018},
  pages     = {92},
  url       = {https://doi.org/10.3389/fninf.2018.00092},
  doi       = {10.3389/fninf.2018.00092},
  note      = {Original Research Article},
  date      = {18 December 2018},
  issn      = {1662-5196},
  institution = {Department of Physics, University of Oslo, Oslo, Norway},
  institution = {Faculty of Science and Technology, Norwegian University of Life Sciences, Ås, Norway},
  institution = {Department of Informatics, University of Oslo, Oslo, Norway},
}

@unpublished{IN5400-Lecture3,
  author       = {Andreas Kleppe},
  title        = {IN5400 / IN9400 – Machine Learning for Image Analysis},
  year         = {2022},
  note         = {Lecture 3: Convolutional neural networks, Modification of slides made by Tollef Struksnes Jahren and Sigmund Johannes Ljosvoll Rolfsjord},
  organization = {University of Oslo, IN5400},
  date         = {01.02.2022}
}

%Illustrations

@online{wikimedia-neuron,
  author = {Quasar Jarosz at English Wikipedia},
  title = {Neuron Hand-tuned.svg},
  year = {2009},
  url = {https://commons.wikimedia.org/wiki/File:Neuron_Hand-tuned.svg},
  note = {Licensed under Creative Commons Attribution-Share Alike 3.0 Unported. Accessed on [Insert Access Date].}
}

@online{wikimedia-action,
  author = {Wikimedia Commons},
  title = {Action potential.svg},
  year = {2022},
  url = {https://commons.wikimedia.org/wiki/File:Action_potential.svg},
  note = {Licensed under Creative Commons Attribution-Share Alike 3.0 Unported. Accessed on [Insert Access Date].}
}

@online{EEG_head,
  author = {SMART-Servier Medical Art},
  title = {Equipment - EEG (4669) - Smart-Servier.png},
  year = {2023},
  url = {https://commons.wikimedia.org/wiki/File:Equipment_-_EEG_(4669)_--_Smart-Servier.png},
  note = {Licensed under Creative Commons Attribution-Share Alike 3.0 Unported. Accessed on [Insert Access Date].}
}

@online{EEG_full_body,
  author = {SMART-Servier Medical Art},
  title = {Equipment - EEG (6199) - Smart-Servier.png},
  year = {2023},
  url = {https://commons.wikimedia.org/wiki/File:Equipment_-_EEG_(6199)_--_Smart-Servier.png},
  note = {Licensed under Creative Commons Attribution-Share Alike 3.0 Unported. Accessed on [Insert Access Date].}
}

@online{dumoulin2018,
  author = {Vincent Dumoulin and Francesco Visin},
  title = {A Guide to Convolution Arithmetic for Deep Learning},
  year = {2018},
  url = {https://arxiv.org/pdf/1603.07285.pdf},
  note = {FMILA, Université de Montréal and AIRLab, Politecnico di Milano},
  eprinttype = {arXiv},
  eprint = {1603.07285},
}

@article{van2000eeg,
  title={EEG dipole source localization using artificial neural networks},
  author={Van Hoey, Gert and De Clercq, Jeremy and Vanrumste, Bart and Van de Walle, Rik and Lemahieu, Ignace and D'Hav{\'e}, Michel and Boon, Paul},
  journal={Physics in Medicine \& Biology},
  volume={45},
  number={4},
  pages={997},
  year={2000},
  publisher={IOP Publishing}
}

@article{tankelevich2019inverse,
  title={Inverse Problem’s Solution Using Deep Learning: An EEG-based Study of Brain Activity. Part 1},
  author={Tankelevich, Roman},
  journal={Preprint},
  pages={1--15},
  year={2019}
}

@online{neutelings2021,
  title = {Neural Networks in TikZ},
  author = {Izaak Neutelings},
  year = {2021},
  url = {https://tikz.net/neural_networks/},
  note = {Licensed under Creative Commons Attribution-ShareAlike 4.0 International License. Adapted by [Your Name or Username] for this work.},
}

@article{lenail2019,
  author = {LeNail},
  title = {NN-SVG: Publication-Ready Neural Network Architecture Schematics},
  journaltitle = {Journal of Open Source Software},
  volume = {4},
  number = {33},
  pages = {747},
  year = {2019},
  doi = {10.21105/joss.00747},
  url = {https://doi.org/10.21105/joss.00747},
}

@article{delucchi1962scalp,
  title={The scalp as an electroencephalographic averager.},
  author={Delucchi, MR and Garoutte, Bill and Aird, Robert B},
  journal={Electroencephalography \& Clinical Neurophysiology},
  year={1962},
  publisher={Elsevier Science}
}

@article{cooper1965comparison,
  title={Comparison of subcortical, cortical and scalp activity using chronically indwelling electrodes in man},
  author={Cooper, Ray and Winter, AL and Crow, HJ and Walter, W Grey},
  journal={Electroencephalography and clinical neurophysiology},
  volume={18},
  number={3},
  pages={217--228},
  year={1965},
  publisher={Elsevier}
}

@article{ebersole1997defining,
  title={Defining epileptogenic foci: past, present, future},
  author={Ebersole, John S},
  journal={Journal of clinical neurophysiology},
  volume={14},
  number={6},
  pages={470--483},
  year={1997},
  publisher={LWW}
}

@book{nunez2006electric,
  title={Electric fields of the brain: the neurophysics of EEG},
  author={Nunez, Paul L and Srinivasan, Ramesh},
  year={2006},
  publisher={Oxford University Press, USA}
}

@book{niedermeyer2005electroencephalography,
  title={Electroencephalography: basic principles, clinical applications, and related fields},
  author={Niedermeyer, Ernst and da Silva, FH Lopes},
  year={2005},
  publisher={Lippincott Williams \& Wilkins}
}

@article{nunez2019multi,
  title={Multi-scale neural sources of EEG: genuine, equivalent, and representative. A tutorial review},
  author={Nunez, Paul L and Nunez, Michael D and Srinivasan, Ramesh},
  journal={Brain Topography},
  volume={32},
  pages={193--214},
  year={2019},
  publisher={Springer}
}

@book{kropotov2016functional,
  title={Functional neuromarkers for psychiatry: Applications for diagnosis and treatment},
  author={Kropotov, Juri D},
  year={2016},
  publisher={Academic Press}
}

@article{plonsey1967considerations,
  title={Considerations of quasi-stationarity in electrophysiological systems},
  author={Plonsey, Robert and Heppner, Dennis B},
  journal={The Bulletin of mathematical biophysics},
  volume={29},
  pages={657--664},
  year={1967},
  publisher={Springer}
}

@article{suzuki2017dendritic,
  title={Dendritic calcium spikes are clearly detectable at the cortical surface},
  author={Suzuki, Mototaka and Larkum, Matthew E},
  journal={Nature communications},
  volume={8},
  number={1},
  pages={276},
  year={2017},
  publisher={Nature Publishing Group UK London}
}